@Book{sutter04coding,
  author =	 {Herb Sutter and Andrei Alexandrescu},
  title = 	 {C++ Coding Standards. 101 Rules, Guidelines and Best Practices},
  publisher = 	 {Addison-Wesley Longman},
  year = 	 2004,
  address =	 {Amsterdam}
}

@inproceedings{schulze94morphologybased,
    author = "Mark A. Schulze and John A. Pearce",
    title = "A Morphology-Based Filter Structure for Edge-enhancing Smoothing",
    booktitle = "{ICIP} (2)",
    pages = "530-534",
    year = "1994",
    url = "citeseer.ist.psu.edu/schulze94morphologybased.html" 
}

@Book{gonzales02:dip,
  author =	 {Rafael C. Gonzales and Richad E. Woods},
  title = 	 {Digital Image Processing},
  publisher = 	 {Tom Robbins, Pearson Education International},
  year = 	 2002,
  address =	 {Prentice-Hall inc, Upper Saddle River, New Jersay 07458},
  edition =	 {2nd}
}

@Article{wollny02comput,
  Author         = {Wollny, G. and Kruggel, F.},
  Title          = {Computational cost of non-rigid registration
                   algorithms based on fluid dynamics},
  Journal        = {IEEE Transactions on Medical Imaging},
  Volume         = 11,
  Number         = 8,
  Pages          = {946-952},
  year           = 2002
}
